@misc{Bottango,
  author = {Evan Bottango},
  title  = {Bottango: Animation Automation for Mechatronics},
  year   = {2025},
  url    = {https://github.com/EvanBottango/Bottango},
  note   = {Accessed: 2025-01-12}
}

@misc{CFR_Part_101,
  title        = {14 CFR Part 101 - Moored Balloons, Kites, Amateur Rockets, and Unmanned Free Balloons},
  author       = {Federal Aviation Administration},
  howpublished = {Code of Federal Regulations},
  year         = {2023}
}

@article{HAB_Fundamentals,
  author  = {Voss, H. D. and Ramm, N. A. and Dailey, J. F.},
  journal = {Academic High Altitude Conference},
  title   = {Understanding High-Altitude Balloon Flight Fundamentals},
  volume  = {1},
  number  = {1},
  year    = {2012},
  url     = {https://doi.org/10.8327/ahac}
}

@Inbook{Burgess2014,
author="Burgess, Colin",
title="The Mercury flight of chimpanzee Ham",
bookTitle="Freedom 7: The Historic Flight of Alan B. Shepard, Jr.",
year="2014",
publisher="Springer International Publishing",
address="Cham",
pages="29--64",
isbn="978-3-319-01156-1",
doi="10.1007/978-3-319-01156-1_2",
url="https://doi.org/10.1007/978-3-319-01156-1_2"
}

@misc{byonics_tinytrak4,
  author       = {{Byonics}},
  title        = {TinyTrak4},
  year         = {2025},
  url          = {https://www.byonics.com/tinytrak4},
  note         = {Accessed: 2025-05-01}
}

@misc{NEBP_Website,
  author       = {{Montana State University}},
  title        = {Eclipse Ballooning Project},
  year         = {2025},
  url          = {https://eclipse.montana.edu},
  note         = {Accessed: 2025-05-01}
}