@article{ElFakdi2015TeamBasedBO,
  title={Team-Based Building of a Remotely Operated Underwater Robot, an Innovative Method of Teaching Engineering},
  author={Andres El-Fakdi and Xavier Cuf{\'i} and Nat{\`a}lia Hurt{\'o}s and Montserrat Correa},
  journal={Journal of Intelligent \& Robotic Systems},
  year={2015},
  volume={81},
  pages={51 - 61},
  url={https://api.semanticscholar.org/CorpusID:254654679}
}

@article{Dong2020HydrodynamicAA,
  title={Hydrodynamic Analysis and Verification of an Innovative Whale Shark-like Underwater Glider},
  author={Huijie Dong and Zhengxing Wu and Min Tan and Junzhi Yu},
  journal={Journal of Bionic Engineering},
  year={2020},
  volume={17},
  pages={123 - 133},
  url={https://api.semanticscholar.org/CorpusID:257114484}
}

@article{Vangi2023NavigationAC,
  title={Navigation and Control Systems for a Reconfigurable Underwater Vehicle for Inspection, Free-Floating Intervention and Survey Tasks},
  author={Mirco Vangi and Edoardo Topini and Gherardo Liverani and Alessandro Ridolfi and Benedetto Allotta},
  journal={2023 IEEE International Workshop on Metrology for the Sea; Learning to Measure Sea Health Parameters (MetroSea)},
  year={2023},
  pages={545-550},
  url={https://api.semanticscholar.org/CorpusID:265256365}
}

@article{Zhang2020ExplorationOT,
  title={Exploration on the Construction of Fundamentals of Robotics Innovative Course under the Background of New Engineering},
  author={Cheng Zhang and Zhuo Zhang},
  journal={2020 Conference on Educational Science and Educational Skills (ESES2020)},
  year={2020},
  url={https://api.semanticscholar.org/CorpusID:237953372}
}

@article{Suzuki2017InnovativeED,
  title={Innovative engineering design practice in robotics: A case study at Kanazawa Institute of Technology},
  author={Ryoichi Suzuki and Hiroyuki Kawai and Toshiyuki Murao and Kosei Demura},
  journal={2017 56th Annual Conference of the Society of Instrument and Control Engineers of Japan (SICE)},
  year={2017},
  pages={851-852},
  url={https://api.semanticscholar.org/CorpusID:22804175}
}

@article{Sun2024ExploringTT,
  title={Exploring the Talent Training System in Robotics Engineering: Integration of Specialization and Innovation},
  author={Yue Sun and Desheng Liu and Xiaojun Ma and Xiaowei Chen and Dequan Kong},
  journal={Frontiers in Educational Research},
  year={2024},
  url={https://api.semanticscholar.org/CorpusID:273934756}
}

@INPROCEEDINGS{asee_peer_27453,
author = "J.  Adam Scribner Ed.D.",
title = "A Comparative Study of Educator Backgrounds and Their Effect on Student Understanding of the Engineering Design Process and Engineering Careers, Utilizing an Underwater Robotics Program (RTP)",
booktitle = "2017 ASEE Annual Conference \& Exposition",
year = {2017},
month = {June},
address = "Columbus, Ohio",
publisher = "ASEE Conferences",
note = {https://peer.asee.org/27453},
number = {10.18260/1-2--27453},
}

@article{KilicBebek2023TransdisciplinarityAA,
  title={Transdisciplinarity as a Learning Challenge: Student Experiences and Outcomes in an Innovative Course on Wearable and Collaborative Robotics},
  author={Ebru Kilic-Bebek and Kostas Nizamis and Mark Vlutters and Ozkan Bebek and Zeynep Karapars and Ramazan Unal and Deniz Yilmaz and Barkan Ugurlu},
  journal={IEEE Transactions on Education},
  year={2023},
  volume={66},
  pages={263-273},
  url={https://api.semanticscholar.org/CorpusID:255182336}
}

@INPROCEEDINGS{asee_peer_28561,
  author    = {Nancy K. Lape and Lori Bassman and Christopher Clark and Albert Dato and Angela M. Lee and Matthew Spencer and Erik Spjut and Laura Palucki Blake},
  title     = {Integrating Theory and Hands-On Practice Using Underwater Robotics in a Multidisciplinary Introductory Engineering Course},
  booktitle = {Proceedings of the 2017 ASEE Annual Conference \& Exposition},
  year      = {2017},
  month     = {June},
  address   = {Columbus, Ohio},
  publisher = {ASEE Conferences},
  url       = {https://peer.asee.org/28561},
  doi       = {10.18260/1-2--28561}
}

@article{Sahoo2024ExploringTR,
  title={Exploring the Role of Robotics in Maritime Technology: Innovations, Challenges, and Future Prospects},
  author={Sushil Kumar Sahoo and Bibhuti Bhusan Choudhury and Prasant Ranjan Dhal},
  journal={Spectrum of Mechanical Engineering and Operational Research},
  year={2024},
  url={https://api.semanticscholar.org/CorpusID:271617432}
}

@misc{noaa_rovs,
  author       = {National Oceanic and Atmospheric Administration (NOAA)},
  title        = {Remotely Operated Vehicles (ROVs)},
  year         = {2025},
  howpublished = {\url{https://oceanexplorer.noaa.gov/technology/subs/rovs/rovs.html}},
  note         = {Accessed: 2025-01-15}
}

@misc{reachrobotics_rov,
  author       = {Reach Robotics},
  title        = {What is an Underwater ROV?},
  year         = {2025},
  howpublished = {\url{https://reachrobotics.com/blog/what-is-an-underwater-rov/}},
  note         = {Accessed: 2025-01-15}
}

@misc{workboat_underwater_robotics,
  author       = {WorkBoat},
  title        = {Progress in Underwater Robotic Technology},
  year         = {2025},
  howpublished = {\url{https://www.workboat.com/technology/progress-in-underwater-robotic-technology}},
  note         = {Accessed: 2025-01-15}
}

@misc{oceaneering_rov_technology,
  author       = {Oceaneering International, Inc.},
  title        = {ROV Technology and Services},
  year         = {2025},
  howpublished = {\url{https://www.oceaneering.com/rov-services/rov-technology/}},
  note         = {Accessed: 2025-01-15}
}

@Article{app10041256,
AUTHOR = {González-García, Josué and Gómez-Espinosa, Alfonso and Cuan-Urquizo, Enrique and García-Valdovinos, Luis Govinda and Salgado-Jiménez, Tomás and Cabello, Jesús Arturo Escobedo},
TITLE = {Autonomous Underwater Vehicles: Localization, Navigation, and Communication for Collaborative Missions},
JOURNAL = {Applied Sciences},
VOLUME = {10},
YEAR = {2020},
NUMBER = {4},
ARTICLE-NUMBER = {1256},
URL = {https://www.mdpi.com/2076-3417/10/4/1256},
ISSN = {2076-3417},
DOI = {10.3390/app10041256}
}
